<?xml version="1.0" encoding="UTF-8"?><collection xmlns="http://www.loc.gov/MARC21/slim"><record><leader>00516nam--2200145-i-4500</leader><controlfield tag="001">000030834</controlfield><controlfield tag="002">20161230</controlfield><controlfield tag="005">20161230201038</controlfield><controlfield tag="008">060222s1000------------r-----000-0-eng-d</controlfield><datafield ind1=" " ind2=" " tag="080"><subfield code="a">537.8(047.1)</subfield></datafield><datafield ind1=" " ind2=" " tag="100"><subfield code="a">Lindell, Ismo V</subfield></datafield><datafield ind1=" " ind2=" " tag="245"><subfield code="a">On the formulation of a class of electromagnetic field problems in terms of vector admittance and impedance functions</subfield></datafield><datafield ind1=" " ind2=" " tag="260"><subfield code="a">Helsinki, The Finnish Academy Of Technical Sciences, 1971. 60p</subfield></datafield><datafield ind1=" " ind2=" " tag="490"><subfield code="a">Acta Polytehnica Scandinavica. Physics Including Series</subfield></datafield><datafield ind1=" " ind2=" " tag="852"><subfield code="a">6365</subfield></datafield></record></collection>